<record xmlns="http://www.loc.gov/MARC21/slim" xmlns:xsi="http://www.w3.org/2001/XMLSchema-instance" xsi:schemaLocation="http://www.loc.gov/MARC21/slim http://www.loc.gov/standards/marcxml/schema/MARC21slim.xsd"><leader>00505nz   2200121n  4500</leader><controlfield tag="001">oca05802574 </controlfield><controlfield tag="005">20020702033129.0</controlfield><controlfield tag="008">020625n| acannaabn          |n aaa     c</controlfield><datafield ind1=" " ind2=" " tag="010"><subfield code="a">nr2002023705</subfield></datafield><datafield ind1=" " ind2=" " tag="040"><subfield code="a">UPB</subfield><subfield code="b">eng</subfield><subfield code="c">UPB</subfield></datafield><datafield ind1="0" ind2=" " tag="100"><subfield code="a">Dioscorides,</subfield><subfield code="d">3rd cent. B.C.</subfield></datafield><datafield ind1=" " ind2=" " tag="670"><subfield code="a">Dioscorides and Antipater of Sidon, 2001:</subfield><subfield code="b">p. 3 (lived during the last half of the 3rd cent. B.C.)</subfield></datafield><datafield ind1=" " ind2=" " tag="670"><subfield code="a">Oxford class. dict., 1996:</subfield><subfield code="b">p. 483 (Dioscorides, author of 40 epigrams in the Greek anthology, not earlier than the late 3rd cent. B.C.)</subfield></datafield></record>